<collection xmlns="http://www.loc.gov/MARC21/slim">
<record>
  <leader>01530nam0a22002651i 450 </leader>
  <controlfield tag="001">IT\ICCU\CNCE\056610</controlfield>
  <controlfield tag="005">20060920000000.0</controlfield>
  <datafield tag="100" ind1=" " ind2=" ">
    <subfield code="a">20040322d1586        0itac0103    ba</subfield>
  </datafield>
  <datafield tag="101" ind1=" " ind2=" ">
    <subfield code="a">LAT</subfield>
  </datafield>
  <datafield tag="102" ind1=" " ind2=" ">
    <subfield code="a">IT</subfield>
  </datafield>
  <datafield tag="200" ind1="1" ind2=" ">
    <subfield code="a">Ludovicus miseratione divina s.r.e. tit. sancti Honophrij presbyter cardinalis Madrucius, episcopus Triden. &amp; Ordinis fratrum eremitarum sancti Hieronymi  Congregationis beati Petri Pisani protector &amp;c. Universis singulis praesentes inspecturis salutem ...</subfield>
  </datafield>
  <datafield tag="210" ind1=" " ind2=" ">
    <subfield code="a">Romae</subfield>
    <subfield code="c">apud haeredes Antonij Bladij</subfield>
    <subfield code="d">impressores camerales</subfield>
    <subfield code="d">1586</subfield>
  </datafield>
  <datafield tag="215" ind1=" " ind2=" ">
    <subfield code="a">1 foglio</subfield>
  </datafield>
  <datafield tag="300" ind1=" " ind2=" ">
    <subfield code="a">Permesso concesso alle donne di accompagnare le processioni che saranno celebrate nelle chiese e nei chiostri della Congregazione</subfield>
  </datafield>
  <datafield tag="620" ind1=" " ind2=" ">
    <subfield code="a">IT</subfield>
    <subfield code="d">Roma</subfield>
  </datafield>
  <datafield tag="700" ind1=" " ind2="1">
    <subfield code="a">Madruzzo,</subfield>
    <subfield code="b">Giovanni Ludovico</subfield>
    <subfield code="3">IT\ICCU\CNCA\009002</subfield>
  </datafield>
  <datafield tag="712" ind1="0" ind2="2">
    <subfield code="a">Eremiti di Fra Pietro da Pisa</subfield>
    <subfield code="3">11085</subfield>
  </datafield>
  <datafield tag="712" ind1="0" ind2="0">
    <subfield code="a">Blado, Antonio - eredi</subfield>
    <subfield code="3">IT\ICCU\CNCT\000148</subfield>
    <subfield code="4">650</subfield>
  </datafield>
  <datafield tag="790" ind1=" " ind2="1">
    <subfield code="a">Madrutius,</subfield>
    <subfield code="b">Ludovicus</subfield>
    <subfield code="3">IT\ICCU\CNCA\020701</subfield>
    <subfield code="z">Madruzzo, Giovanni Ludovico</subfield>
  </datafield>
  <datafield tag="790" ind1=" " ind2="1">
    <subfield code="a">Madruzzo,</subfield>
    <subfield code="b">Ludovico</subfield>
    <subfield code="3">IT\ICCU\CNCA\028703</subfield>
    <subfield code="z">Madruzzo, Giovanni Ludovico</subfield>
  </datafield>
  <datafield tag="791" ind1="0" ind2="2">
    <subfield code="a">Fratres eremitae sacri Hieronymi Congregationis b. Petri de Pisis</subfield>
    <subfield code="3">15511</subfield>
    <subfield code="z">Eremiti di Fra Pietro da Pisa</subfield>
  </datafield>
  <datafield tag="791" ind1="0" ind2="2">
    <subfield code="a">Ordo heremitarum sancti Hieronymi Congregationis beati Petri de Pisis</subfield>
    <subfield code="3">15512</subfield>
    <subfield code="z">Eremiti di Fra Pietro da Pisa</subfield>
  </datafield>
  <datafield tag="791" ind1="0" ind2="2">
    <subfield code="a">Poveri eremiti di s. Girolamo</subfield>
    <subfield code="3">15513</subfield>
    <subfield code="z">Eremiti di Fra Pietro da Pisa</subfield>
  </datafield>
  <datafield tag="801" ind1=" " ind2="3">
    <subfield code="a">IT</subfield>
    <subfield code="b">ICCU</subfield>
    <subfield code="c">20201115</subfield>
  </datafield>
  <datafield tag="899" ind1=" " ind2=" ">
    <subfield code="a">Biblioteca dell&apos;Archivio di Stato di Roma. Roma</subfield>
    <subfield code="1">RM0459</subfield>
    <subfield code="2">RML 12</subfield>
  </datafield>
</record>
</collection>
